%
% All these items have been authored by Nicolas Dubois.
% (author field has been emptied for readility sake in a résumé)
%

%
% Publications
%
@book{book2013,
  title        = "Vers une modélisation de la prise de décision à base d'émotions",
  author       = "",
  year         = 2013,
  month        = dec,
  publisher    = "Éditions universitaires européennes",
  isbn         = "978-613-1-59576-9",
}

@mastersthesis{masterthesis2005,
  author       = "",
  title        = "Vers une modélisation de la prise de décision à base d'émotions",
  school       = "Institut National Polytechnique de Grenoble~(INPG)",
  year         = 2005,
  type         = "Mémoire",
  address      = "Grenoble~(38)",
  month        = jun,
  note         = "Mention~AB",
}

@mastersthesis{ter2004,
  author       = "",
  title        = "État de l'art des systèmes de communication assistée par ordinateur, point de vue ergonomie cognitive et ingénierie des langues",
  school       = "Université Nancy~2",
  year         = 2004,
  type         = "Travail d'Études et de Recherche",
  address      = "Nancy~(54)",
  month        = jun,
  note         = "Mention~AB",
}

%
% Conférences
%

@InProceedings{djangocong-18-talk,
  author       = "",
  title        = "Soigner l'historique git de son projet Django",
  booktitle    = "DjangoCong",
  address      = "Lille~(59)",
  year         = 2018,
  month        = jun,
  organization = "Django-fr",
}

@InProceedings{pyconfr-17-talk,
  author       = "",
  title        = "Formulaires et macros Jinja",
  booktitle    = "PyCon FR",
  year         = 2017,
  month        = sep,
  address      = "Toulouse~(31)",
  organization = "Afpy",
}

@InProceedings{djangocong-15-talk,
  author       = "",
  title        = "Surveiller son application Django avec Sentry",
  booktitle    = "DjangoCong",
  year         = 2015,
  month        = jun,
  address      = "Clermont-Ferrant~(63)",
  organization = "Django-fr",
}

@InProceedings{djangocong-15-lt,
  author       = "",
  title        = "Invoke, exécuter ses tâches en python",
  booktitle    = "DjangoCong",
  year         = 2015,
  month        = jun,
  address      = "Clermont-Ferrant~(63)",
  organization = "Django-fr",
  note         = "Lightning talk",
}

@InProceedings{pytong-13-lt,
  author       = "",
  title        = "À quoi ressemblerait mon python ?",
  booktitle    = "Pytong",
  year         = 2013,
  month        = jun,
  address      = "Toulon~(83)",
  note         = "Lightning talk",
}

@InProceedings{sudweb-13-lt,
  author       = "",
  title        = "Vers des langues de programmation ?",
  booktitle    = "SudWeb (1\iere{} édition)",
  year         = 2011,
  month        = may,
  address      = "Nîmes~(30)",
  note         = "Lightning talk",
}
